@book{Dorigo2004,
    author = {Marco Dorigo and Thomas St√ºtzle},
    title = {Ant Colony Optimization},
    publisher = {The MIT Press},
    year = {2004},
    month = {06},
    isbn = {9780262256032},
    doi = {10.7551/mitpress/1290.003.0007},
    url = {https://doi.org/10.7551/mitpress/1290.003.0007},
}

@book{Christofides1979,
    author = {Christofides, Nicos and Mingozzi, A. and Toth, P. and Sandi, C.},
    publisher = {Wiley},
    isbn = {0471997498},
    year = {1979},
    title = {Combinatorial Optimization},
    language = {eng},
    address = {Chichester},
}

@inproceedings{Ayop2020,
   author = {Siti Fatimah Mohamad Ayop and Mohd Shahizan Othman and Lizawati Mi Yusuf},
   doi = {10.1088/1757-899X/864/1/012082},
   issn = {1757899X},
   issue = {1},
   journal = {IOP Conference Series: Materials Science and Engineering},
   title = {Ant Colony Optimization Using Different Heuristic Strategies for Capacitated Vehicle Routing Problem},
   volume = {864},
   year = {2020},
}

@article{Dorigo1996,
    author = {Marco Dorigo and Vittorio Maniezzo and Alberto Colorni},
    doi = {10.1109/3477.484436},
    issn = {10834419},
    issue = {1},
    journal = {IEEE Transactions on Systems, Man, and Cybernetics, Part B: Cybernetics},
    title = {Ant system: Optimization by a colony of cooperating agents},
    volume = {26},
    year = {1996},
}

@inproceedings{Dorigo1999,
    author = {Marco Dorigo and Gianni Di Caro},
    doi = {10.1109/CEC.1999.782657},
    journal = {Proceedings of the 1999 Congress on Evolutionary Computation, CEC 1999},
    title = {Ant colony optimization: A new meta-heuristic},
    volume = {2},
    year = {1999},
}

@phdthesis{Augerat1995,
  TITLE = {{Approche poly{\`e}drale du probl{\`e}me de tourn{\'e}es de v{\'e}hicules}},
  AUTHOR = {Augerat, Philippe},
  URL = {https://tel.archives-ouvertes.fr/tel-00005026},
  HAL_LOCAL_REFERENCE = {theses/1995/Augerat.Philippe},
  SCHOOL = {{Institut National Polytechnique de Grenoble - INPG}},
  YEAR = {1995},
  MONTH = Jun,
  KEYWORDS = {vehicle routing ; branch anf cut ; polyhedral approach ; facets ; routage ; probl{\`e}me de tourn{\'e}es ; branchement et coupe ; approche poly{\`e}drale ; facettes},
  TYPE = {Theses},
  PDF = {https://tel.archives-ouvertes.fr/tel-00005026/file/tel-00005026.pdf},
  HAL_ID = {tel-00005026},
  HAL_VERSION = {v1},
}